<?xml version="1.0" encoding="UTF-8"?><collection xmlns="http://www.loc.gov/MARC21/slim"><record><leader>00662nam--2200193-u-4500</leader><controlfield tag="001">000051774</controlfield><controlfield tag="002">20161230</controlfield><controlfield tag="005">20170119001453</controlfield><controlfield tag="008">080930s1000------------r-----000-0-eng-d</controlfield><datafield ind1=" " ind2=" " tag="040"><subfield code="a">IFIN-HH</subfield></datafield><datafield ind1=" " ind2=" " tag="080"><subfield code="a">517.948</subfield></datafield><datafield ind1="1" ind2=" " tag="100"><subfield code="a">Mikhlin, S. G</subfield></datafield><datafield ind1="1" ind2="0" tag="245"><subfield code="a">Integral Equations and their applications to certain problems in mechanics, mathematical physics and technology. Translated from the Russian by A.H. Armstrong, M.A</subfield></datafield><datafield ind1=" " ind2=" " tag="260"><subfield code="a">London</subfield><subfield code="b">Pergamon Press</subfield><subfield code="c">1957</subfield></datafield><datafield ind1=" " ind2=" " tag="300"><subfield code="a">338 p</subfield></datafield><datafield ind1=" " ind2=" " tag="490"><subfield code="a">International Series of Monographs on Pure and Applied Mathematics</subfield><subfield code="v">vol. 4</subfield></datafield><datafield ind1="1" ind2=" " tag="700"><subfield code="a">Mikhlin, S. G</subfield></datafield><datafield ind1=" " ind2=" " tag="852"><subfield code="a">13418</subfield><subfield code="c">517.9</subfield></datafield><datafield ind1=" " ind2=" " tag="CAT"><subfield code="a">SYS</subfield><subfield code="c">20170119</subfield><subfield code="h">001453</subfield></datafield></record></collection>